<record><leader>00000cas a22000007a 4500</leader><controlfield tag="001">18777862</controlfield><controlfield tag="008">881118c18789999mouwr ne      0   a0eng d</controlfield><datafield ind1=" " ind2=" " tag="010"><subfield code="a">sn 88068010 </subfield></datafield><datafield ind1=" " ind2=" " tag="040"><subfield code="a">MQN</subfield><subfield code="b">eng</subfield><subfield code="c">MQN</subfield><subfield code="d">OCLCQ</subfield><subfield code="d">DLC</subfield><subfield code="d">IUL</subfield><subfield code="d">OCLCF</subfield></datafield><datafield ind1="0" ind2=" " tag="022"><subfield code="a">2374-6998</subfield><subfield code="2">1</subfield></datafield><datafield ind1=" " ind2=" " tag="042"><subfield code="a">msc</subfield><subfield code="a">nsdp</subfield></datafield><datafield ind1=" " ind2=" " tag="043"><subfield code="a">n-us-mo</subfield></datafield><datafield ind1="0" ind2="0" tag="050"><subfield code="a">Newspaper</subfield></datafield><datafield ind1="0" ind2="0" tag="082"><subfield code="a">071</subfield><subfield code="2">23</subfield></datafield><datafield ind1=" " ind2="0" tag="222"><subfield code="a">Chariton courier</subfield><subfield code="b">(Print)</subfield></datafield><datafield ind1="0" ind2="0" tag="245"><subfield code="a">Chariton courier.</subfield></datafield><datafield ind1=" " ind2=" " tag="260"><subfield code="a">Keytesville, Chariton County, Mo. :</subfield><subfield code="b">J.A. Hudson</subfield></datafield><datafield ind1=" " ind2=" " tag="300"><subfield code="a">v.</subfield></datafield><datafield ind1=" " ind2=" " tag="310"><subfield code="a">Weekly</subfield></datafield><datafield ind1="1" ind2=" " tag="362"><subfield code="a">Began in 1878.</subfield></datafield><datafield ind1=" " ind2=" " tag="515"><subfield code="a">Issue for June 7, 1878 numbered vol. 1, but constitutes v. 7.</subfield></datafield><datafield ind1=" " ind2=" " tag="530"><subfield code="a">Archived issues are available in digital format from the Library of Congress Chronicling America online collection.</subfield></datafield><datafield ind1=" " ind2=" " tag="588"><subfield code="a">Description based on: Vol. 1, no. 13 (June 7, 1878).</subfield></datafield><datafield ind1=" " ind2="0" tag="651"><subfield code="a">Keytesville (Mo.)</subfield><subfield code="v">Newspapers.</subfield></datafield><datafield ind1=" " ind2="0" tag="651"><subfield code="a">Chariton County (Mo.)</subfield><subfield code="v">Newspapers.</subfield></datafield><datafield ind1=" " ind2="7" tag="655"><subfield code="a">Newspapers.</subfield><subfield code="2">fast</subfield><subfield code="0">(OCoLC)fst01423814</subfield></datafield><datafield ind1=" " ind2="7" tag="651"><subfield code="a">Missouri</subfield><subfield code="z">Chariton County.</subfield><subfield code="2">fast</subfield><subfield code="0">(OCoLC)fst01215948</subfield></datafield><datafield ind1=" " ind2="7" tag="651"><subfield code="a">Missouri</subfield><subfield code="z">Keytesville.</subfield><subfield code="2">fast</subfield><subfield code="0">(OCoLC)fst01880485</subfield></datafield><datafield ind1=" " ind2=" " tag="752"><subfield code="a">United States</subfield><subfield code="b">Missouri</subfield><subfield code="c">Chariton</subfield><subfield code="d">Keytesville.</subfield></datafield><datafield ind1="0" ind2=" " tag="775"><subfield code="t">Sumner star</subfield><subfield code="w">(DLC)sn 88068008</subfield><subfield code="w">(OCoLC)18777950</subfield></datafield><datafield ind1="0" ind2=" " tag="775"><subfield code="t">Chariton courier (Keytesville, Mo. : Sumner edition)</subfield><subfield code="w">(DLC)sn 88068007</subfield><subfield code="w">(OCoLC)18777984</subfield></datafield><datafield ind1="0" ind2=" " tag="775"><subfield code="t">Northwestern news (Keytesville, Mo.)</subfield><subfield code="w">(DLC)sn 88068006</subfield><subfield code="w">(OCoLC)18777907</subfield></datafield><datafield ind1="0" ind2="8" tag="776"><subfield code="i">Online version:</subfield><subfield code="t">Chariton courier (Online)</subfield><subfield code="x">2374-7005</subfield><subfield code="w">(DLC)  2014218484</subfield><subfield code="w">(OCoLC)887949094</subfield></datafield><datafield ind1="0" ind2="0" tag="780"><subfield code="t">Keytesville herald</subfield><subfield code="w">(DLC)sn 87052132</subfield><subfield code="w">(OCoLC)15155862</subfield></datafield><datafield ind1="0" ind2="5" tag="780"><subfield code="t">Chariton recorder</subfield><subfield code="w">(DLC)sn 88068009</subfield><subfield code="w">(OCoLC)18777926</subfield></datafield><datafield ind1="4" ind2="1" tag="856"><subfield code="u">http://www.loc.gov/chroniclingamerica/lccn/sn88068010/issues</subfield></datafield></record>